<?xml version="1.0" encoding="UTF-8"?>
  <record xmlns="http://www.loc.gov/MARC21/slim" type="Authority">
    <leader>00000nz  a2200000nc 4500</leader>
    <controlfield tag="001">102125880</controlfield>
    <controlfield tag="003">DE-101</controlfield>
    <controlfield tag="005">20211222003237.0</controlfield>
    <controlfield tag="008">920623n||azznnaabn           | aaa    |c</controlfield>
    <datafield tag="024" ind1="7" ind2=" ">
      <subfield code="a">102125880</subfield>
      <subfield code="0">http://d-nb.info/gnd/102125880</subfield>
      <subfield code="2">gnd</subfield>
    </datafield>
    <datafield tag="024" ind1="7" ind2=" ">
      <subfield code="a">Q505976</subfield>
      <subfield code="2">wikidata</subfield>
    </datafield>
    <datafield tag="024" ind1="7" ind2=" ">
      <subfield code="a">29914016</subfield>
      <subfield code="2">viaf</subfield>
    </datafield>
    <datafield tag="024" ind1="7" ind2=" ">
      <subfield code="a">0000  0000  5489  6691</subfield>
      <subfield code="2">isni</subfield>
    </datafield>
    <datafield tag="024" ind1="7" ind2=" ">
      <subfield code="a">n83124597</subfield>
      <subfield code="2">lccn</subfield>
    </datafield>
    <datafield tag="035" ind1=" " ind2=" ">
      <subfield code="a">(DE-101)102125880</subfield>
    </datafield>
    <datafield tag="035" ind1=" " ind2=" ">
      <subfield code="a">(DE-588)102125880</subfield>
    </datafield>
    <datafield tag="035" ind1=" " ind2=" ">
      <subfield code="z">(DE-588)1243977671</subfield>
    </datafield>
    <datafield tag="035" ind1=" " ind2=" ">
      <subfield code="z">(DE-588a)102125880</subfield>
      <subfield code="9">v:zg</subfield>
    </datafield>
    <datafield tag="035" ind1=" " ind2=" ">
      <subfield code="z">(DE-588c)4721925-7</subfield>
      <subfield code="9">v:zg</subfield>
    </datafield>
    <datafield tag="040" ind1=" " ind2=" ">
      <subfield code="a">DE-7</subfield>
      <subfield code="c">DE-7</subfield>
      <subfield code="9">r:DE-601</subfield>
      <subfield code="b">ger</subfield>
      <subfield code="d">9999</subfield>
    </datafield>
    <datafield tag="042" ind1=" " ind2=" ">
      <subfield code="a">gnd1</subfield>
    </datafield>
    <datafield tag="043" ind1=" " ind2=" ">
      <subfield code="c">XA-DE</subfield>
    </datafield>
    <datafield tag="065" ind1=" " ind2=" ">
      <subfield code="a">16.5p</subfield>
      <subfield code="2">sswd</subfield>
    </datafield>
    <datafield tag="075" ind1=" " ind2=" ">
      <subfield code="b">p</subfield>
      <subfield code="2">gndgen</subfield>
    </datafield>
    <datafield tag="075" ind1=" " ind2=" ">
      <subfield code="b">piz</subfield>
      <subfield code="2">gndspec</subfield>
    </datafield>
    <datafield tag="079" ind1=" " ind2=" ">
      <subfield code="a">g</subfield>
      <subfield code="q">a</subfield>
      <subfield code="q">f</subfield>
      <subfield code="q">s</subfield>
      <subfield code="u">v</subfield>
      <subfield code="u">o</subfield>
      <subfield code="u">w</subfield>
    </datafield>
    <datafield tag="100" ind1="0" ind2=" ">
      <subfield code="a">Christian Albrecht</subfield>
      <subfield code="c">Schleswig-Holstein-Gottorf, Herzog</subfield>
      <subfield code="d">1641-1694</subfield>
    </datafield>
    <datafield tag="400" ind1="0" ind2=" ">
      <subfield code="a">Christian Albrecht</subfield>
      <subfield code="c">Norwegen, Erbe</subfield>
      <subfield code="d">1641-1694</subfield>
    </datafield>
    <datafield tag="400" ind1="0" ind2=" ">
      <subfield code="a">Christianus Albertus</subfield>
      <subfield code="c">Schleswig-Holstein-Gottorf, Dux</subfield>
      <subfield code="d">1641-1694</subfield>
    </datafield>
    <datafield tag="400" ind1="0" ind2=" ">
      <subfield code="a">Christian Albrecht</subfield>
      <subfield code="c">Holstein-Gottorf, Herzog</subfield>
      <subfield code="d">1641-1694</subfield>
    </datafield>
    <datafield tag="400" ind1="0" ind2=" ">
      <subfield code="a">Christian Albert</subfield>
      <subfield code="c">Schleswig-Holstein, Herzog</subfield>
      <subfield code="d">1641-1694</subfield>
    </datafield>
    <datafield tag="400" ind1="0" ind2=" ">
      <subfield code="a">Christian Albert</subfield>
      <subfield code="c">Norwegen, Erbe</subfield>
      <subfield code="d">1641-1694</subfield>
    </datafield>
    <datafield tag="400" ind1="0" ind2=" ">
      <subfield code="a">Christian Albrecht</subfield>
      <subfield code="c">Schleswig-Holstein-Gottorp, Herzog</subfield>
      <subfield code="d">1641-1694</subfield>
    </datafield>
    <datafield tag="400" ind1="0" ind2=" ">
      <subfield code="a">Christian Albrecht</subfield>
      <subfield code="c">Schleswig-Holstein-Stormarn-Dithmarschen, Herzog</subfield>
      <subfield code="d">1641-1694</subfield>
    </datafield>
    <datafield tag="400" ind1="0" ind2=" ">
      <subfield code="a">Christian Albrecht</subfield>
      <subfield code="c">Schleßwig-Holstein-Stormarn-Ditmarschen, Herzog</subfield>
      <subfield code="d">1641-1694</subfield>
    </datafield>
    <datafield tag="400" ind1="1" ind2=" ">
      <subfield code="a">Oldenburg und Delmenhorst, Christian Albrecht &#152;zu&#156;</subfield>
      <subfield code="d">1641-1694</subfield>
    </datafield>
    <datafield tag="400" ind1="1" ind2=" ">
      <subfield code="a">Delmenhorst, Christian Albrecht zu Oldenburg &#152;und&#156;</subfield>
      <subfield code="d">1641-1694</subfield>
    </datafield>
    <datafield tag="400" ind1="0" ind2=" ">
      <subfield code="a">Christianus Albertus</subfield>
      <subfield code="c">Schleswigae et Holsatiae, Dux</subfield>
      <subfield code="d">1641-1694</subfield>
    </datafield>
    <datafield tag="400" ind1="0" ind2=" ">
      <subfield code="a">Christianus Albertus</subfield>
      <subfield code="c">Episcopus Lubecensis</subfield>
      <subfield code="d">1641-1694</subfield>
    </datafield>
    <datafield tag="400" ind1="0" ind2=" ">
      <subfield code="a">Christian Albrecht</subfield>
      <subfield code="c">Lübeck, Bischof</subfield>
      <subfield code="d">1641-1694</subfield>
    </datafield>
    <datafield tag="400" ind1="0" ind2=" ">
      <subfield code="a">Christianus Albertus</subfield>
      <subfield code="c">Norvagia, Heres</subfield>
      <subfield code="d">1641-1694</subfield>
    </datafield>
    <datafield tag="400" ind1="0" ind2=" ">
      <subfield code="a">Chrétien Albert</subfield>
      <subfield code="c">Norvegue, Heritier</subfield>
      <subfield code="d">1641-1694</subfield>
    </datafield>
    <datafield tag="400" ind1="0" ind2=" ">
      <subfield code="a">Chrétien Albert</subfield>
      <subfield code="c">Slesvic Holstein, Duc</subfield>
      <subfield code="d">1641-1694</subfield>
    </datafield>
    <datafield tag="400" ind1="0" ind2=" ">
      <subfield code="a">Christian Albrecht</subfield>
      <subfield code="c">Holstein-Gottorp, Herzog</subfield>
      <subfield code="d">1641-1694</subfield>
    </datafield>
    <datafield tag="500" ind1="0" ind2=" ">
      <subfield code="0">(DE-101)11870320X</subfield>
      <subfield code="0">(DE-588)11870320X</subfield>
      <subfield code="0">https://d-nb.info/gnd/11870320X</subfield>
      <subfield code="a">Friedrich</subfield>
      <subfield code="b">III.</subfield>
      <subfield code="c">Schleswig-Holstein-Gottorf, Herzog</subfield>
      <subfield code="d">1597-1659</subfield>
      <subfield code="4">bezf</subfield>
      <subfield code="4">https://d-nb.info/standards/elementset/gnd#familialRelationship</subfield>
      <subfield code="w">r</subfield>
      <subfield code="i">Beziehung familiaer</subfield>
      <subfield code="e">Beziehung familiaer</subfield>
      <subfield code="9">v:Vater</subfield>
    </datafield>
    <datafield tag="500" ind1="0" ind2=" ">
      <subfield code="0">(DE-101)104193336</subfield>
      <subfield code="0">(DE-588)104193336</subfield>
      <subfield code="0">https://d-nb.info/gnd/104193336</subfield>
      <subfield code="a">Friedrich</subfield>
      <subfield code="b">IV.</subfield>
      <subfield code="c">Schleswig-Holstein-Gottorf, Herzog</subfield>
      <subfield code="d">1671-1702</subfield>
      <subfield code="4">bezf</subfield>
      <subfield code="4">https://d-nb.info/standards/elementset/gnd#familialRelationship</subfield>
      <subfield code="w">r</subfield>
      <subfield code="i">Beziehung familiaer</subfield>
      <subfield code="e">Beziehung familiaer</subfield>
      <subfield code="9">v:Sohn</subfield>
    </datafield>
    <datafield tag="548" ind1=" " ind2=" ">
      <subfield code="a">03.02.1641-27.12.1694</subfield>
      <subfield code="4">datx</subfield>
      <subfield code="4">https://d-nb.info/standards/elementset/gnd#dateOfBirthAndDeath</subfield>
      <subfield code="w">r</subfield>
      <subfield code="i">Exakte Lebensdaten</subfield>
      <subfield code="9">v:julianisch</subfield>
    </datafield>
    <datafield tag="548" ind1=" " ind2=" ">
      <subfield code="a">1641-1694</subfield>
      <subfield code="4">datl</subfield>
      <subfield code="4">https://d-nb.info/standards/elementset/gnd#dateOfBirthAndDeath</subfield>
      <subfield code="w">r</subfield>
      <subfield code="i">Lebensdaten</subfield>
      <subfield code="9">v:Todesjahr gregorianisch 1695</subfield>
    </datafield>
    <datafield tag="550" ind1=" " ind2=" ">
      <subfield code="a">Herzog von Holstein-Gottorp</subfield>
      <subfield code="4">beru</subfield>
      <subfield code="4">https://d-nb.info/standards/elementset/gnd#professionOrOccupation</subfield>
      <subfield code="w">r</subfield>
      <subfield code="i">Beruf</subfield>
    </datafield>
    <datafield tag="551" ind1=" " ind2=" ">
      <subfield code="0">(DE-101)04106691X</subfield>
      <subfield code="0">(DE-588)4106691-1</subfield>
      <subfield code="0">https://d-nb.info/gnd/4106691-1</subfield>
      <subfield code="a">Schloss Gottorf</subfield>
      <subfield code="g">Schleswig, Stadt</subfield>
      <subfield code="4">ortg</subfield>
      <subfield code="4">https://d-nb.info/standards/elementset/gnd#placeOfBirth</subfield>
      <subfield code="w">r</subfield>
      <subfield code="i">Geburtsort</subfield>
    </datafield>
    <datafield tag="551" ind1=" " ind2=" ">
      <subfield code="0">(DE-101)04106691X</subfield>
      <subfield code="0">(DE-588)4106691-1</subfield>
      <subfield code="0">https://d-nb.info/gnd/4106691-1</subfield>
      <subfield code="a">Schloss Gottorf</subfield>
      <subfield code="g">Schleswig, Stadt</subfield>
      <subfield code="4">orts</subfield>
      <subfield code="4">https://d-nb.info/standards/elementset/gnd#placeOfDeath</subfield>
      <subfield code="w">r</subfield>
      <subfield code="i">Sterbeort</subfield>
    </datafield>
    <datafield tag="667" ind1=" " ind2=" ">
      <subfield code="a">7</subfield>
    </datafield>
    <datafield tag="667" ind1=" " ind2=" ">
      <subfield code="a">384</subfield>
    </datafield>
    <datafield tag="667" ind1=" " ind2=" ">
      <subfield code="a">VD-17</subfield>
    </datafield>
    <datafield tag="667" ind1=" " ind2=" ">
      <subfield code="a">MMm</subfield>
    </datafield>
    <datafield tag="670" ind1=" " ind2=" ">
      <subfield code="a">Europ. Stammtaf. 95</subfield>
    </datafield>
    <datafield tag="670" ind1=" " ind2=" ">
      <subfield code="a">NDB/ADB</subfield>
      <subfield code="u">https://www.deutsche-biographie.de/gnd102125880.html#ndbcontent</subfield>
    </datafield>
    <datafield tag="670" ind1=" " ind2=" ">
      <subfield code="a">Wikipedia</subfield>
      <subfield code="u">https://de.wikipedia.org/wiki/Christian_Albrecht_(Schleswig-Holstein-Gottorf)</subfield>
    </datafield>
    <datafield tag="670" ind1=" " ind2=" ">
      <subfield code="a">Supellex epistolica Uffenbachii et Wolfiorum = Katalog der Uffenbach-Wolfschen Briefsammlung / hrsg. u. bearb. von Nilüfer Krüger. - Hamburg : Hauswedell, 1978. 2 Bde. - (Katalog der Handschriften der Staats- und Universitätsbibliothek Hamburg ; 8)</subfield>
    </datafield>
    <datafield tag="672" ind1=" " ind2="0">
      <subfield code="a">Artickuls-Brieff. - 1674</subfield>
    </datafield>
    <datafield tag="672" ind1=" " ind2="0">
      <subfield code="a">Maior, Johann D.: Historia anatomes Kiloniensis primae. - 1666</subfield>
    </datafield>
    <datafield tag="678" ind1=" " ind2=" ">
      <subfield code="b">regierte seit 1659; verheiratet mit Friederike Amalie, Tochter des Königs Friedrich III. von Dänemark</subfield>
    </datafield>
    <datafield tag="678" ind1=" " ind2=" ">
      <subfield code="b">Folgt 1659</subfield>
    </datafield>
    <datafield tag="913" ind1=" " ind2=" ">
      <subfield code="S">pnd</subfield>
      <subfield code="i">5</subfield>
      <subfield code="a">Christian Albrecht &lt;Schleswig-Holstein-Gottorf, Herzog&gt;</subfield>
      <subfield code="0">(DE-588a)102125880</subfield>
    </datafield>
  </record>
